<record xmlns="http://www.loc.gov/MARC21/slim" xmlns:xsi="http://www.w3.org/2001/XMLSchema-instance" xsi:schemaLocation="http://www.loc.gov/MARC21/slim http://www.loc.gov/standards/marcxml/schema/MARC21slim.xsd"><leader>00000nam a22004694i 4500</leader><controlfield tag="001">9789510434048</controlfield><controlfield tag="003">FI-BTJ</controlfield><controlfield tag="005">20181012111737.4</controlfield><controlfield tag="008">180709s2018    fi ||||j      |0| j fin c</controlfield><datafield ind1=" " ind2=" " tag="020"><subfield code="a">9789510434048</subfield><subfield code="q">kovakantinen</subfield></datafield><datafield ind1=" " ind2=" " tag="040"><subfield code="a">FI-NL</subfield><subfield code="b">fin</subfield><subfield code="e">rda</subfield><subfield code="d">FI-BTJ</subfield></datafield><datafield ind1="1" ind2=" " tag="041"><subfield code="a">fin</subfield><subfield code="h">swe</subfield></datafield><datafield ind1=" " ind2=" " tag="080"><subfield code="a">839.79</subfield><subfield code="x">-3</subfield><subfield code="x">(024.7)</subfield><subfield code="2">1974/fin/fennica</subfield></datafield><datafield ind1=" " ind2=" " tag="084"><subfield code="a">84.2</subfield><subfield code="2">ykl</subfield></datafield><datafield ind1="9" ind2=" " tag="084"><subfield code="a">Novellit</subfield><subfield code="2">ykl</subfield></datafield><datafield ind1=" " ind2=" " tag="084"><subfield code="a">85.12</subfield><subfield code="2">ykl</subfield></datafield><datafield ind1=" " ind2=" " tag="091"><subfield code="a">90</subfield></datafield><datafield ind1=" " ind2=" " tag="092"><subfield code="a">85.12</subfield></datafield><datafield ind1=" " ind2=" " tag="093"><subfield code="a">85.12</subfield></datafield><datafield ind1=" " ind2=" " tag="094"><subfield code="a">85.12</subfield></datafield><datafield ind1=" " ind2=" " tag="095"><subfield code="a">1.7</subfield></datafield><datafield ind1=" " ind2=" " tag="097"><subfield code="a">85.12</subfield></datafield><datafield ind1="1" ind2=" " tag="100"><subfield code="a">Jansson, Tove,</subfield><subfield code="e">kirjoittaja,</subfield><subfield code="e">kuvittaja.</subfield><subfield code="0">(FI-ASTERI-N)000045590</subfield></datafield><datafield ind1="1" ind2="4" tag="240"><subfield code="a">Det osynliga barnet,</subfield><subfield code="l">suomi</subfield></datafield><datafield ind1="1" ind2="0" tag="245"><subfield code="a">N&#228;kym&#228;t&#246;n lapsi ja muita kertomuksia /</subfield><subfield code="c">Tove Jansson ; suomentanut Laila J&#228;rvinen ; tekij&#228;n kuvittama.</subfield></datafield><datafield ind1="1" ind2=" " tag="246"><subfield code="i">Nimeke kannessa ja sel&#228;ss&#228;:</subfield><subfield code="a">N&#228;kym&#228;t&#246;n lapsi</subfield></datafield><datafield ind1=" " ind2=" " tag="250"><subfield code="a">[Uusi painos]</subfield></datafield><datafield ind1=" " ind2="1" tag="264"><subfield code="a">Helsinki :</subfield><subfield code="b">Werner S&#246;derstr&#246;m Osakeyhti&#246;,</subfield><subfield code="c">[2018]</subfield></datafield><datafield ind1=" " ind2="3" tag="264"><subfield code="a">EU:ssa</subfield></datafield><datafield ind1=" " ind2=" " tag="300"><subfield code="a">187 sivua :</subfield><subfield code="b">kuvitettu ;</subfield><subfield code="c">20 cm</subfield></datafield><datafield ind1=" " ind2=" " tag="336"><subfield code="a">teksti</subfield><subfield code="b">txt</subfield><subfield code="2">rdacontent</subfield></datafield><datafield ind1=" " ind2=" " tag="337"><subfield code="a">k&#228;ytett&#228;viss&#228; ilman laitetta</subfield><subfield code="b">n</subfield><subfield code="2">rdamedia</subfield></datafield><datafield ind1=" " ind2=" " tag="338"><subfield code="a">nide</subfield><subfield code="b">nc</subfield><subfield code="2">rdacarrier</subfield></datafield><datafield ind1="0" ind2=" " tag="490"><subfield code="a">Muumikirjat</subfield></datafield><datafield ind1=" " ind2=" " tag="500"><subfield code="a">Suomenkielisen laitoksen ensimm&#228;inen painos ilmestynyt 1962.</subfield></datafield><datafield ind1=" " ind2=" " tag="500"><subfield code="a">Suomennoksen tarkistus WSOY 2018.</subfield></datafield><datafield ind1=" " ind2="7" tag="650"><subfield code="a">n&#228;kym&#228;tt&#246;myys</subfield><subfield code="2">kauno/fin</subfield><subfield code="0">http://www.yso.fi/onto/kauno/p3140</subfield></datafield><datafield ind1=" " ind2="7" tag="650"><subfield code="a">muumit</subfield><subfield code="2">kauno/fin</subfield><subfield code="0">http://www.yso.fi/onto/kauno/p3969</subfield></datafield><datafield ind1=" " ind2="7" tag="650"><subfield code="a">asukkaat</subfield><subfield code="2">kauno/fin</subfield><subfield code="0">http://www.yso.fi/onto/kauno/p4572</subfield></datafield><datafield ind1=" " ind2="7" tag="650"><subfield code="a">Muumilaakso</subfield><subfield code="2">kaunokki</subfield></datafield><datafield ind1=" " ind2="7" tag="655"><subfield code="a">lastenkirjallisuus</subfield><subfield code="2">slm/fin</subfield><subfield code="0">http://urn.fi/URN:NBN:fi:au:slm:s1181</subfield></datafield><datafield ind1=" " ind2="7" tag="655"><subfield code="a">saturomaanit</subfield><subfield code="2">slm/fin</subfield><subfield code="0">http://urn.fi/URN:NBN:fi:au:slm:s981</subfield></datafield><datafield ind1=" " ind2="7" tag="655"><subfield code="a">kertomukset</subfield><subfield code="2">slm/fin</subfield><subfield code="0">http://urn.fi/URN:NBN:fi:au:slm:s618</subfield></datafield><datafield ind1=" " ind2="7" tag="655"><subfield code="a">kaunokirjallisuus</subfield><subfield code="2">slm/fin</subfield><subfield code="0">http://urn.fi/URN:NBN:fi:au:slm:s975</subfield></datafield><datafield ind1=" " ind2="7" tag="655"><subfield code="a">suomenruotsalainen kirjallisuus</subfield><subfield code="2">slm/fin</subfield><subfield code="0">http://urn.fi/URN:NBN:fi:au:slm:s269</subfield></datafield><datafield ind1=" " ind2="7" tag="655"><subfield code="a">k&#228;&#228;nn&#246;kset</subfield><subfield code="2">slm/fin</subfield><subfield code="0">http://urn.fi/URN:NBN:fi:au:slm:s1044</subfield></datafield><datafield ind1="1" ind2=" " tag="700"><subfield code="a">J&#228;rvinen, Laila,</subfield><subfield code="e">k&#228;&#228;nt&#228;j&#228;.</subfield></datafield><datafield ind1=" " ind2=" " tag="852"><subfield code="x">Helsingin luokanmuutos 23.4.2026</subfield></datafield></record>